@BOOK {aima,
    author    = "Stuart Russel and Perter Norvig",
    title     = "Artificial Intelligence - A Modern Approach",
    publisher = "Prentice Hall",
    year      = "2010",
    edition   = "third"
}
@ARTICLE {deepblue,
    author = "Murray Campbell and A. Joseph Hoane Jr. and Feng-hsiung Hsu",
    title  = "Deep Blue",
    year   = "2002",
    pages  = "57-83"
}